@inbook{krI,
author = {Professor Tim Verdonck},
title = {Kansrekenen I},
year = {2015},
}
